@misc{CCHM,
      title={Cubical Type Theory: a constructive interpretation of the univalence axiom},
      author={Cyril Cohen and Thierry Coquand and Simon Huber and Anders Mörtberg},
      year={2016},
      eprint={1611.02108},
      archivePrefix={arXiv},
      primaryClass={cs.LO}
}

@article{ABCFHL,
title={Syntax and models of Cartesian cubical type theory},
volume={31}, DOI={10.1017/S0960129521000347},
number={4},
journal={Mathematical Structures in Computer Science},
author={Angiuli, Carlo and Brunerie, Guillaume and Coquand, Thierry and Harper, Robert and Hou (Favonia), Kuen-Bang and Licata, Daniel R.},
year={2021},
pages={424–468}}

@InProceedings{Cavallo,
  author =	{Cavallo, Evan and M\"{o}rtberg, Anders and Swan, Andrew W},
  title =	{{Unifying Cubical Models of Univalent Type Theory}},
  booktitle =	{28th EACSL Annual Conference on Computer Science Logic (CSL 2020)},
  pages =	{14:1--14:17},
  series =	{Leibniz International Proceedings in Informatics (LIPIcs)},
  ISBN =	{978-3-95977-132-0},
  ISSN =	{1868-8969},
  year =	{2020},
  volume =	{152},
  editor =	{Fern\'{a}ndez, Maribel and Muscholl, Anca},
  publisher =	{Schloss Dagstuhl -- Leibniz-Zentrum f{\"u}r Informatik},
  address =	{Dagstuhl, Germany},
  URL =		{https://drops.dagstuhl.de/entities/document/10.4230/LIPIcs.CSL.2020.14},
  URN =		{urn:nbn:de:0030-drops-116578},
  doi =		{10.4230/LIPIcs.CSL.2020.14},
  annote =	{Keywords: Cubical Set Models, Cubical Type Theory, Homotopy Type Theory, Univalent Foundations}
}
